@online{namesans_about,
	author = {{ArrowType}},
	title = {ArrowType},
	url = {https://www.arrowtype.com/about},
	note = {Creador original de las fuentes usadas en este documento, con permiso y licencia de estudiante ortorgados por ArrowType}
}

@online{namesans,
	author = {{ArrowType}},
	title = {Name Sans},
	url = {https://www.arrowtype.com/name-sans},
	url = {https://www.futurefonts.xyz/arrowtype/name-sans},
	note = {Fuente utlizada con licencia de estudiante otorgada por ArrowType}
}

@online{namemono,
	author = {{ArrowType}},
	title = {Name Sans Mono},
	url = {https://www.arrowtype.com/about},
	note = {Fuente utlizada con licencia de estudiante otorgada por ArrowType}
}

@online {carbon,
	author = {{Mike Fix - Brian Dennis - Jake Dexheimer}},
	title = {Carbon.sh},
	url = {https://carbon.now.sh/},
	note = {Capturas de código en el documento realizadas con Carbon.sh}
}

@online{seriouscode-gmbh-2022,
	author = {{© seriouscode GmbH}},
	date   = {2022-02-21},
	title  = {snappify - Create beautiful code snippets with ease},
	url    = {https://snappify.com/},
	note	= {Capturas del códigos creadas con Snappify}
}

@online {copilot,
	author = {{Microsoft y GitHub}},
	title = {GitHub Copilot},
	url = {https://github.com/features/copilot},
	note = {Se ha usado Copilot para generar algunas soluciones de código, se ha marcado donde se ha usado Copilot en el código y en el documento},
}

@video{fnaf_ai,
	author = {{Tech Rules}},
	date = {2020-01-17},
	title = {Ruining FNAF by dissecting the animatronics' AI | Tech rules},
	url = {https://www.youtube.com/watch?v=ujg0Y5IziiY},
	note = {Información de funcionalidad de la IA adquirida de este vídeo}
}

@online{fnaf_decomp,
	author = {{Boxfigs}},
	title = {FNAF descompilado},
	url = {https://www.reddit.com/r/fivenightsatfreddys/comments/2x6rw8/fnaf_1_decompiled_frame_by_frame/},
	note = {Información sobre como funciona el juego}
}

@online{fnaf_assets,
	author = {{SubReddit de technicalFnaf / LAK132}},
	title = {Lista de assets de FNAF descompilados},
	url = {https://www.reddit.com/r/technicalFNaF/comments/7i6jss/mega_dump/},
	note = {Texturas e imágenes recogidas de este dump}
}