
@misc{logic_gate,
	title = {Logic gate},
	copyright = {Creative Commons Attribution-ShareAlike License},
	url = {https://en.wikipedia.org/w/index.php?title=Logic_gate&oldid=1175662758},
	abstract = {A logic gate is an idealized or physical device that performs a Boolean function, a logical operation performed on one or more binary inputs that produces a single binary output.
Depending on the context, the term may refer to an ideal logic gate, one that has, for instance, zero rise time and unlimited fan-out, or it may refer to a non-ideal physical device (see ideal and real op-amps for comparison).
In the real world, the primary way of building logic gates uses diodes or transistors acting as electronic switches. Today, most logic gates are made from MOSFETs (metal–oxide–semiconductor field-effect transistors). They can also be constructed using vacuum tubes, electromagnetic relays with relay logic, fluidic logic, pneumatic logic, optics, molecules, or even mechanical elements.
With amplification, logic gates can be cascaded in the same way that Boolean functions can be composed, allowing the construction of a physical model of all of Boolean logic, and therefore, all of the algorithms and mathematics that can be described with Boolean logic.
Logic circuits include such devices as multiplexers, registers, arithmetic logic units (ALUs), and computer memory, all the way up through complete microprocessors, which may contain more than 100 million logic gates.
Compound logic gates AND-OR-Invert (AOI) and OR-AND-Invert (OAI) are often employed in circuit design because their construction using MOSFETs is simpler and more efficient than the sum of the individual gates.In reversible logic, Toffoli or Fredkin gates are used.},
	journal = {Wikipedia},
	month = sep,
	year = {2023},
	note = {Imágenes de las puertas lógicas obtenidas de este artículo},
}

@misc{video_karnaugh,
	title = {Introduction to karnaugh maps - combinational logic circuits, functions, \& truth tables},
	url = {https://www.youtube.com/watch?v=RO5alU6PpSU},
	abstract = {This video tutorial provides an introduction into karnaugh maps and combinational logic circuits.  It explains how to take the data from a truth table and tr...},
        note = {Información obtenida para realizar mapas de Karnaugh}
}

@book{floyd_fundamentos_2006,
	title = {Fundamentos de sistemas digitales},
	isbn = {8483220857},
	abstract = {Sistemas Digitales},
	language = {es},
	publisher = {Pearson Education},
	author = {Floyd, Thomas L.},
	year = {2006},
	note = {Información obtenida del capítulo 1,2,3,4,5 y 6},
}

@book{nisan_nand2tetris_2005,
	author = {Nisan, Noam and Schocken, Shimon},
	month = {1},
	title = {{The elements of computing systems: Building a modern computer from first principles}},
	year = {2005},
	url = {http://ci.nii.ac.jp/ncid/BB10970208},
}
@misc{circuitverse,
	author = {Zense},
	title = {{CircuitVerse - Online Digital Logic Circuit Simulator}},
	url = {https://circuitverse.org/},
        note = {Todos los diagramas de circuitos han sido construidos con esta herramienta}
}
@misc{puerta_logica,
	title = {Puerta lógica},
	copyright = {Creative Commons Attribution-ShareAlike License},
	url = {https://es.wikipedia.org/w/index.php?title=Puerta_l%C3%B3gica&oldid=152082328},
	abstract = {Una puerta lógica o compuerta lógica, es un dispositivo electrónico con una función de tipo booleano u otros tipos (ej. «Trivalente»), como sumar o restar, incluir o excluir según sus propiedades lógicas. Se pueden aplicar a tecnología electrónica, eléctrica, mecánica, hidráulica y neumática.  Componen los circuitos de conmutación integrados en un chip. Experimentada con relés o interruptores electromagnéticos para conseguir las condiciones de cada compuerta lógica, por ejemplo, para la función booleana Y (AND) colocaba interruptores en circuito serie, ya que con uno solo de estos que tuviera la condición «abierto», la salida de la compuerta Y sería = 0, mientras que para la implementación de una compuerta O (OR), la conexión de los interruptores tiene una configuración en circuito paralelo.[1]​
La tecnología microelectrónica actual permite la elevada integración de transistores actuando como conmutadores en redes lógicas dentro de un pequeño circuito integrado. El chip de la CPU es una de las máximas expresiones de este avance tecnológico.
En nanotecnología se está desarrollando el uso de una compuerta lógica molecular, que haga posible la miniaturización de circuitos.},
	journal = {Wikipedia, la enciclopedia libre},
	month = jun,
	year = {2023},
	note = {Información adicional obtenida de este artículo},
}

@misc{atkinson,
	title = {Download the {Atkinson} {Hyperlegible} {Font}},
	url = {https://brailleinstitute.org/freefont},
	abstract = {A new typeface – greater legibility and readability for low vision readers Atkinson Hyperlegible font is named after Braille Institute founder, J. Robert Atkinson.  What makes it different from traditional typography design is that it focuses on letterform distinction to increase character recognition, ultimately improving readability.  We are making it free for anyone to use!},
	journal = {Braille Institute},
	author = {Staff, Braille Institute},
	note = {Fuente usada en el documento debido a su excelente legibilidad y distinción entre la O y el 0},
}

@misc{nand2tetris,
	author = {Nisan, Noam and Schocken, Shimon},
	title = {{Home | Nand2Tetris}},
	url = {https://www.nand2tetris.org/},
        note = {Simulador de Hardware obtenido desde el curso nand2tetris}
}

@misc{chatgpt,
	author = {OpenAI},
	title = {{ChatGPT}},
	url = {https://openai.com/chatgpt},
        note = {Ayuda extra para realizar el código HDL, transformar tablas en texto monoespaciado y crear tablas de verdad}
}

@misc{duke,
    author = {Duke University},
    url = {https://duke.edu/},
    note = {Cógido HDL}
}
@misc{diagram,
	title = {Circuit Diagram - A Circuit Diagram Maker},
	url = {https://www.circuit-diagram.org/},
	abstract = {Circuit Diagram is a free application for making electronic circuit diagrams and exporting them as images. Design circuits online in your browser or using the desktop application.},
	note = {Diagramas creados con Circuit Diagram},
}
@misc{texstudio,
	title = {TexStudio},
	url = {https://www.texstudio.org/},
	abstract = {TeXstudio is an integrated writing environment for creating LaTeX documents. Our goal is to make writing LaTeX as easy and comfortable as possible.},
	note = {Editor LaTeX usado para escribir el documento},
}