@online{namesans_about,
	author = {{ArrowType}},
	title = {ArrowType},
	url = {https://www.arrowtype.com/about},
	note = {Creador original de las fuentes usadas en este documento, con permiso y licencia de estudiante ortorgados por ArrowType}
}

@online{namesans,
	author = {{ArrowType}},
	title = {Name Sans},
	url = {https://www.arrowtype.com/name-sans},
	url = {https://www.futurefonts.xyz/arrowtype/name-sans},
	note = {Fuente utlizada con licencia de estudiante otorgada por ArrowType}
}

@online{namemono,
	author = {{ArrowType}},
	title = {Name Sans Mono},
	url = {https://www.arrowtype.com/about},
	note = {Fuente utlizada con licencia de estudiante otorgada por ArrowType}
}