@online{roguelike,
	author = {{Wikipedia contributors}},
	date = {2022-12-30},
	title = {Roguelike},
	url = {https://en.wikipedia.org/wiki/Roguelike},
	urldate = {2022-12-30},
}

@online{twinstickshooters,
	author = {{Wikipedia contributors}},
	date = {2022-12-04},
	title = {Twin-stick shooter},
	url = {https://en.wikipedia.org/wiki/Twin-stick_shooter},
	urldate = {2022-12-28},
}

@video{brackeystopdown,
	author = {{Brackeys}},
	date = {2019-09-01},
	title = {TOP DOWN SHOOTING in Unity},
	url = {https://www.youtube.com/watch?v=LNLVOjbrQj4},
	urldate = {2022-12-30},
}

@video{brakkeis2d,
	author = {{Brackeys}},
	date = {2018-09-16},
	title = {2D Shooting in Unity (Tutorial)},
	url = {https://www.youtube.com/watch?v=wkKsl1Mfp5M},
	urldate = {2022-12-30},
}