@online{namesans_about,
	author = {{ArrowType}},
	title = {ArrowType},
	url = {https://www.arrowtype.com/about},
	note = {Creador original de las fuentes usadas en este documento, con permiso y licencia de estudiante ortorgados por ArrowType}
}

@online{namesans,
	author = {{ArrowType}},
	title = {Name Sans},
	url = {https://www.arrowtype.com/name-sans},
	url = {https://www.futurefonts.xyz/arrowtype/name-sans},
	note = {Fuente utlizada con licencia de estudiante otorgada por ArrowType}
}

@online{namemono,
	author = {{ArrowType}},
	title = {Name Sans Mono},
	url = {https://www.arrowtype.com/about},
	note = {Fuente utlizada con licencia de estudiante otorgada por ArrowType}
}

@book{patterson-2011,
	author = {given-i=DA, given={David A.}, family=Patterson and given-i=JL, given={John L.}, family=Hennessy},
	date = {2011-01-01},
	subtitle = {La interfaz hardware/ software},
	title = {Estructura y dise√±o de computadores},
}

@misc{geeksforgeeks-2023,
	author = {GeeksforGeeks},
	month = {4},
	title = {{Cache memory in computer organization}},
	year = {2023},
	url = {https://www.geeksforgeeks.org/cache-memory-in-computer-organization/},
}

@online{kumar-2023,
	author = {given-i=D, given=Dhiraj, family=Kumar and given-i=D, given=Dhiraj, family=Kumar},
	date = {2023-07-29},
	title = {What is a direct mapped cache? | Baeldung on Computer Science},
	url = {https://www.baeldung.com/cs/cache-direct-mapping},
}

@video{fully_asociative_cache,
	author = {{Udacity}},
	date = {2015-02-23},
	title = {Fully associative mapping},
	url = {https://www.youtube.com/watch?v=bIcCOKwulzo},
}